%% Saved with string encoding Unicode (UTF-8) 

@inproceedings{chipounov2011enabling,
  title={{Enabling Sophisticated Analyses of x86 Binaries with RevGen}},
  author={{Vitaly Chipounov, and George Candea}},
  booktitle={Dependable Systems and Networks Workshops (DSN-W), 2011 IEEE/IFIP 41st International Conference on},
  pages={211--216},
  year={2011},
  organization={IEEE}
}

@incollection{song2008bitblaze,
  title={{BitBlaze: A New Approach to Computer Security via Binary Analysis}},
  author={Song, Dawn and Brumley, David and Yin, Heng and Caballero, Juan and Jager, Ivan and Kang, Min Gyung and Liang, Zhenkai and Newsome, James and Poosankam, Pongsin and Saxena, Prateek},
  booktitle={Information systems security},
  pages={1--25},
  year={2008},
  publisher={Springer}
}

@inproceedings{caballero2010input,
  title={{Input Generation via Decomposition and Re-stitching: Finding Bugs in Malware}},
  author={Caballero, Juan and Poosankam, Pongsin and McCamant, Stephen and Song, Dawn and others},
  booktitle={Proceedings of the 17th ACM conference on Computer and communications security},
  pages={413--425},
  year={2010},
  organization={ACM}
}

@inproceedings{chipounov2010reverse,
  title={{Reverse Engineering of Binary Device Drivers with RevNIC}},
  author={Chipounov, Vitaly and Candea, George},
  booktitle={Proceedings of the 5th European conference on Computer systems},
  pages={167--180},
  year={2010},
  organization={ACM}
}


@inproceedings{nasa08,
  title={{Combining Unit-Level Symbolic Execution and System-Level Concrete Execution for Testing NASA Software}},
  author={Pasareanu, Corina and Mehlitz, Peter C and Bushnell, David and Gundy-Burlet, Karen and Lowry, Michael and Person, Suzette and Pape, Mark},
  booktitle={Proceedings of the 2008 international symposium on Software testing and analysis},
  pages={15--26},
  year={2008},
  organization={ACM}
}

@inproceedings{trojan14,
  title={{Finding Trojan Message Vulnerabilities in Distributed Systems}},
  author={Banabic, Radu and Candea, George and Guerraoui, Rachid},
  booktitle={Proceedings of the 19th international conference on Architectural support for programming languages and operating systems},
  pages={113--126},
  year={2014},
  organization={ACM}
}

@misc{llvm,
	Howpublished = {http://llvm.org},
	Title = {{LLVM}}}

@inproceedings{llvm04,
  title={{LLVM: A Compilation Framework for Lifelong Program Analysis \& Transformation}},
  author={Lattner, Chris and Adve, Vikram},
  booktitle={Code Generation and Optimization, 2004. CGO 2004. International Symposium on},
  pages={75--86},
  year={2004},
  organization={IEEE}
}

@misc{qemu,
	Howpublished = {http://qemu.org},
	Title = {{QEMU}}}

@inproceedings{qemu05,
  title={{QEMU, a Fast and Portable Dynamic Translator}},
  author={Bellard, Fabrice},
  booktitle={USENIX Annual Technical Conference, FREENIX Track},
  pages={41--46},
  year={2005}
}

@misc{klee,
	Howpublished = {https://klee.github.io},
	Title = {{KLEE}}}

@inproceedings{klee08,
	Author = {Cadar, Cristian and Dunbar, Daniel and Engler, Dawson R},
	Booktitle = {OSDI},
	Pages = {209--224},
	Title = {{KLEE: Unassisted and Automatic Generation of High-Coverage Tests for Complex Systems Programs}},
	Volume = {8},
	Year = {2008}}

@phdthesis{chip14s2e,
	Author = {Chipounov, Vitaly},
	Date-Added = {2015-05-19 20:59:14 +0000},
	Date-Modified = {2015-05-19 21:01:37 +0000},
	School = {{\'{E}}cole Polytechnique F{\'{e}}d{\'{e}}rale de Lausanne (EPFL)},
	Title = {{S2E: A Platform for In-Vivo Multi-Path Analysis of Software Systems}},
	Year = {2014}}

@conference{chip11s2e,
	Author = {Chipounov, Vitaly and Kuznetsov, Volodymyr and Candea, George},
	Booktitle = {16th Intl. Conference on Architectural Support for Programming Languages and Operating Systems (ASPLOS)},
	Title = {{S2E: A Platform for In-Vivo Multi-Path Analysis of Software Systems}},
	Year = {2011}}

@inproceedings{chip09sel,
	Author = {Chipounov, Vitaly and Georgescu, Vlad and Zamfir, Cristian and Candea, George},
	Booktitle = {5th Workshop on Hot Topics in System Dependability (HotDep)},
	Title = {Selective {S}ymbolic {E}xecution},
	Year = {2009}}

@article{chip12s2e,
	Author = {{Vitaly Chipounov, Volodymyr Kuznetsov, and George Candea}},
	Journal = {ACM Transactions on Computer Systems (TOCS)},
	Publisher = {ACM},
	Title = {The {S2E} {P}latform: {D}esign, {I}mplementation, and {A}pplications},
	Volume = {30},
	Year = {2012}}
