@inproceedings{chip09sel,
  title={Selective Symbolic Execution},
  author={Chipounov, Vitaly and Georgescu, Vlad and Zamfir, Cristian and Candea, George},
  booktitle={Workshop on Hot Topics in Dependable Systems},
  year={2009},
  organization={Citeseer}
}
@book{chip11s2e,
  title={S2E: A platform for in-vivo multi-path analysis of software systems},
  author={Chipounov, Vitaly and Kuznetsov, Volodymyr and Candea, George},
  volume={39},
  number={1},
  year={2011},
  publisher={ACM}
}
@article{chip12s2e,
  title={The S2E platform: Design, implementation, and applications},
  author={Chipounov, Vitaly and Kuznetsov, Volodymyr and Candea, George},
  journal={ACM Transactions on Computer Systems (TOCS)},
  volume={30},
  number={1},
  pages={2},
  year={2012},
  publisher={ACM}
}